3605 5557
672 392 778 451 2¹8
1162 409 1240 453 nr.
1281 408 1717 456 mscmrrtonn
1756 410 2059 455 cananum
2097 409 2308 456 Nurnn
2347 408 2623 454 mmmm

672 562 912 613 rarum
970 540 1260 639 quidem
1315 541 1564 616 formis
1616 543 1972 619 indicatur
2008 543 2293 619 titulum
2337 545 2541 620 tertio
2603 556 2764 619 ante
2815 540 2981 618 Chr.
3027 567 3098 615 n.

672 655 907 729 seculo
946 659 1399 755 posteriorem
1434 661 1546 732 vix
1581 684 1754 733 esse.
1792 659 1994 749 Quod
2033 662 2341 757 spatium
2387 684 2531 758 quo
2568 659 2961 733 accuratius
2991 655 3103 730 dc·

674 769 989 863 finiatur,
1014 774 1333 846 animum
1373 771 1824 848 advertamus
1861 788 2129 873 oportet
2166 776 2495 849 honorari
2540 776 2877 872 proxenia
2901 798 2943 846 a
2971 772 3107 846 foe·

675 883 838 959 dere
896 889 1215 962 Boeotico
1268 890 1885 964 Perrhaebum.
1954 893 2134 966 Nam
2172 915 2332 965 cum
2386 914 2471 963 ex
2510 891 2758 963 amicis
2798 888 3107 963 civitati-

676 1001 810 1076 bus
873 1029 1217 1103 proxenos
1255 1008 1391 1081 sibi
1452 1032 1771 1107 quaeque
1834 1010 2083 1083 civitas
2143 1010 2453 1109 eligeret,
2501 1032 2640 1081 non
2700 1007 3031 1081 abhorret
3065 1029 3110 1078 a

677 1142 841 1192 vero
884 1122 1159 1195 Timoni
1200 1145 1281 1196 eo
1334 1135 1645 1222 tempore
1709 1126 2121 1223 proxeniam
2163 1126 2377 1199 totius
2438 1122 2739 1198 foederis
2801 1121 3108 1196 Boeotici

676 1231 977 1310 delatam
1011 1261 1184 1321 esse,
1219 1262 1362 1336 quo
1407 1240 1640 1313 Boeoti
1679 1242 2065 1315 amicitiam
2097 1265 2259 1315 cum
2296 1238 2713 1314 Perrhaebis
2742 1238 3101 1312 haberent.

679 1353 1144 1449 Frequentius
1207 1366 1439 1429 autem
1507 1357 2006 1428 commercium
2064 1368 2130 1428 et
2187 1356 2569 1428 amicitiam
2637 1353 3110 1427 intercessisse

678 1470 861 1542 inter
917 1482 1289 1570 utramque
1352 1486 1625 1574 gentem
1685 1474 2052 1573 probabile
2092 1485 2198 1548 est
2229 1486 2385 1572 post
2452 1473 2710 1544 initum
2750 1495 2791 1544 a
2834 1470 3110 1544 Boeotis

680 1584 1031 1685 Antigono
1088 1600 1369 1662 auctore
1424 1589 1685 1662 factum
1727 1588 2001 1680 foedus,
2043 1590 2247 1663 cuius
2302 1587 2731 1660 mentionem
2767 1586 2935 1658 facit
2971 1587 3110 1658 Po-

681 1696 918 1796 lybius
980 1705 1108 1797 (IV
1155 1705 1228 1793 9,
1274 1706 1399 1798 4):
1471 1711 1562 1776 ἔτι
1628 1709 1754 1804 γὰρ
1818 1711 2062 1800 ἔνορκος
2127 1709 2299 1800 ἔμενε
2363 1713 2550 1773 πᾶσιν
2620 1705 2662 1781 ἠ
2726 1707 3109 1799 γεγενημένη

682 1825 1015 1914 συμμαχία
1052 1813 1146 1889 δι’
1195 1821 1556 1917 Ἀντιγόνου
1593 1824 1766 1892 κατὰ
1804 1823 1952 1901 τοὺς
2006 1821 2460 1913 Κλεομενιιιοὺς
2494 1820 2747 1913 καιροὺς
2798 1818 3104 1913 Ἀχαιοῖς,

697 1918 1138 2031 Ἠἇι-ειρώταις,
1208 1941 1520 2023 Φωκεῦσι,
1586 1934 1937 2020 Μακεδόσι,
2000 1941 2329 2020 Βοιωτοῖς,
2381 1939 2777 2032 4Ἀιιαρνόἰσι,
2852 1936 3110 2004 Θεττα-

680 2060 835 2133 λοῖς.
902 2055 1038 2126 Par
1089 2055 1276 2128 enim
1316 2067 1464 2129 erat
1507 2056 1958 2141 Perrhaebos,
2002 2057 2126 2154 qui
2188 2076 2268 2127 ea
2322 2064 2542 2127 aetate
2599 2051 2733 2125 sub
2777 2049 3108 2150 Antigoni

680 2163 958 2240 dicione
1011 2181 1267 2261 essent,
1308 2168 1569 2244 eisdem
1611 2195 1692 2244 ac
1728 2168 2141 2244 Macedones
2176 2168 2386 2241 sociis
2422 2179 2632 2264 atque
2691 2166 2939 2239 amicis
2980 2164 3104 2236 uti.

681 2283 872 2369 Quae
908 2306 1068 2356 cum
1128 2286 1225 2358 ita
1266 2286 1434 2375 sint,
1480 2284 1719 2383 paullo
1776 2293 1928 2381 post
1972 2296 2588 2357 commemoratam
2658 2280 2854 2354 illam
2893 2303 2936 2352 a
2976 2281 3114 2351 Po-

684 2397 877 2496 lybio
932 2411 1296 2501 συμμαχίαν
1356 2401 1598 2477 datum
1641 2428 1790 2477 esse
1827 2403 1960 2476 hoc
1994 2402 2347 2476 decretum
2392 2399 2690 2473 videtur.

787 2516 859 2586 In
899 2515 1203 2615 singulis
1246 2516 1649 2592 adnotanda
1700 2530 1867 2591 sunt
1903 2541 2271 2615 perpauca.
2319 2520 2390 2590 L.
2418 2517 2486 2590 3.
2534 2520 2606 2598 ἐς
2641 2519 2982 2594 Φαλάννας
3016 2509 3107 2584 cf.

684 2628 961 2705 Kollitz.
1006 2634 1280 2706 Samml.
1332 2636 1420 2707 IV
1460 2635 1599 2707 383
1640 2642 1716 2707 11⁰
1758 2635 1970 2725 1329,
2022 2636 2144 2706 15:
2207 2643 2315 2705 καὶ
2355 2651 2483 2714 τοῖς
2515 2631 2529 2729 Ι
2565 2634 2638 2714 ές
2670 2643 2791 2704 τᾶν
2857 2634 3111 2701 Φαλαν·

684 2755 867 2816 ναιᾶν
911 2750 1174 2841 πολί[ων
1212 2751 1559 2842 aroma-eim
1596 2767 1730 2832 τοῖς
1766 2749 2342 2848 ποκγραψαμὲνοις.

786 2863 859 2933 L.
913 2863 1084 2935 4·5:
1130 2859 1548 2962 αἰδειμίνοις
1583 2864 1673 2937 cf.
1731 2867 1947 2945 Ἀθήν.
1991 2867 2198 2937 1881.
2238 2875 2368 2937 σελ.
2408 2863 2573 2948 362,
2619 2859 2685 2934 G.
2733 2867 2816 2933 5:
2868 2863 3114 2951 βειλό-

687 3004 893 3073 μενος.

788 3091 1078 3167 Praebet
1119 3092 1371 3166 titulus
1425 3117 1575 3166 eam
1616 3091 1895 3167 dicendi
1939 3092 2374 3179 brevitatem,
2419 3117 2600 3192 quae
2653 3093 2723 3165 in
2762 3089 3118 3188 plerisque

687 3206 981 3281 decretis
1048 3211 1459 3282 Boeotorum
1502 3209 1589 3283 de
1632 3211 1968 3307 proxenia
2011 3209 2212 3283 nobis
2251 3211 2575 3283 occurrit.
2631 3211 2860 3282 Unum
2926 3207 3113 3278 enim

687 3320 775 3393 de
830 3323 1102 3396 meritis
1164 3323 1483 3397 Timonis
1533 3322 1762 3399 dicere
1814 3326 2044 3397 visum
2111 3336 2214 3396 est
2276 3326 2490 3398 satis:
2559 3347 2706 3396 esse
2744 3344 2902 3394 eum
2988 3337 3120 3402 τοῖς

688 3432 1053 3534 αἰδειμίνοις
1083 3447 1426 3536 χρείσιμον.

2202 3669 2288 3742 Ν.
2347 3666 2965 3742 NOVOSADSKY.
