3605 5557
1529 433 1872 484 mscssbmn
2795 424 2901 484 287

458 591 557 628 νων
584 571 1077 645 κεχρωματισμένων
1125 566 1355 645 ἀγγείων.
1392 570 1600 643 Προέὸη
1630 570 1731 638 δὲῆ
1763 566 1971 644 ἐργασία
1996 571 2080 625 καὶ
2124 569 2279 641 πέραν
2307 577 2394 640 τῆς
2423 564 2616 625 εἰσόδου
2646 574 2736 624 τοῦ
2780 575 2902 624 ναοῦ

456 661 540 716 καὶ
566 657 664 715 ἐκεῖ
692 656 1006 734 ἀπεκαλύφθη
1037 662 1188 733 μέρος
1232 661 1470 735 ἀρχαίου
1500 660 1801 727 &Hm-axo&
1832 662 2042 735 τοίχου,
2073 655 2206 723 ὅστις
2250 656 2483 714 ἀποτελεῖ
2515 658 2725 729 βεὸαίως
2753 658 2901 712 συνέ-

459 772 601 825 χειαν
630 758 717 805 τοῦ
747 753 920 825 τοίχου
951 748 1152 816 ἐκείνου,
1187 746 1376 814 οὗτινος
1410 754 1655 814 σώζονται
1684 751 1896 824 λείψανα
1925 750 2048 822 ὑπὲρ
2078 750 2166 819 τὴν
2190 750 2312 822 πρὸς
2344 751 2529 821 βορρᾶν
2557 756 2645 804 τοῦ
2674 755 2796 804 ναοῦ
2814 770 2901 804 κα·

459 841 751 912 τωφέρειαν.

532 929 1002 984 ΑΡΧΑΙΟΔΟΓΙΚΟΝ
1032 928 1274 983 Amnon
1300 933 1388 981 τοῦ
1410 928 1562 999 μηνός
1584 924 1880 998 Αὐγούστου
1934 929 1976 981 Α
1994 927 2024 978 ’.
2053 926 2433 1002 Ἀρχαιότητες
2462 924 2802 1000 εἰσαχθεῒσαι
2825 929 2902 986 εἰς

462 1017 560 1083 τὴν
588 1015 633 1070 Γ
628 1018 819 1084 erasto·
844 1016 1118 1090 ἐφορείαν.
1153 1017 1201 1082 1)
1247 1013 1562 1088 Ἀνάγλυφον
1607 1015 1787 1089 τέχνης
1816 1021 1915 1070 τῶν
1942 1015 2111 1069 καλῶν
2154 1014 2467 1083 Ἑλληνικῶν
2513 1013 2736 1087 χρόνων,
2770 1011 2820 1067 ἐν
2859 1010 2904 1084 ᾧ

461 1100 743 1166 εἰκονίζεται
770 1104 955 1176 γυμνὸς
983 1105 1191 1167 νεανίας,
1227 1105 1391 1175 φέρων
1421 1103 1641 1174 διάδημα
1668 1103 1780 1175 περὶ
1808 1104 1896 1170 τὴν
1924 1103 2084 1175 κόμην
2110 1102 2193 1155 καὶ
2218 1100 2535 1172 περιδάλλων
2565 1102 2646 1154 διὰ
2673 1107 2758 1170 τῆς
2787 1097 2901 1172 άρι-

462 1193 638 1263 στερᾶς
664 1194 746 1245 καὶ
775 1192 924 1247 οἱονεὶ
951 1188 1321 1264 ἐπερειδόμενος
1351 1188 1430 1246 ἐπὶ
1457 1199 1746 1264 περιφεροῦς
1768 1212 1898 1255 τινος
1927 1190 2182 1265 ὄγκου.Τό
2200 1187 2484 1264 ἀνάγλυφον
2513 1197 2659 1245 τοῦτο
2688 1182 2783 1246 εἷνε
2801 1212 2901 1264 γω-

462 1279 626 1334 νιακόν
656 1278 896 1353 τεμάχιον
924 1279 1187 1352 ζωοφόρου
1218 1277 1620 1351 οἰκοδομήματος
1649 1282 1896 1342 τινος.κα“ι
1924 1281 2092 1352 εὑρέθη
2124 1277 2173 1332 ἐν
2193 1283 2252 1352 τῇ
2272 1279 2369 1334 ὑπὸ
2389 1278 2476 1347 τὴν
2497 1276 2728 1352 ἀρκτικὴν
2757 1282 2902 1336 πλευ-

463 1371 552 1441 ρὰν
581 1375 666 1438 τῆς
687 1368 1045 1441 Ἀκροπόλεως
1073 1366 1202 1440 οἰκίᾳ
1230 1376 1330 1425 τῶν
1379 1369 1711 1442 κληρονόμων
1743 1372 1967 1443 Βαρύκα.
2003 1370 2053 1437 2)
2088 1372 2372 1443 Ἐπιγραφὴ
2421 1374 2797 1444 χρησιμεύουσα
2833 1375 2904 1435 ὡς

463 1458 718 1530 ὁρόσημον
745 1460 826 1512 καὶ
872 1455 1203 1531 ἐλλειψοειδὴς
1234 1459 1371 1529 βάσις
1401 1456 1711 1531 ἀγάλματος,
1745 1461 2013 1531 εὑρεθεῖσαι
2043 1456 2092 1516 ἐν
2133 1467 2206 1533 τῷ
2244 1456 2294 1513 ἐν
2330 1460 2603 1529 Πατησίοις
2632 1463 2752 1534 ἱερῷ
2798 1468 2905 1535 ναῷ

462 1556 551 1605 τοῦ
591 1549 767 1604 Ὁσίου
807 1551 1001 1607 Λουκᾶ.
1038 1551 1088 1622 3)
1122 1549 1341 1623 Βάθρον,
1377 1548 1426 1604 ἐν
1457 1548 1500 1624 ᾧ
1540 1547 1782 1624 ἐπιγραφὴ
1823 1547 2161 1623 ἀναθηματικὴ
2215 1572 2240 1603 α
2268 1550 2524 1625 Ἃδριανῷ
2554 1553 2828 1626 Ὀλυμπίῳ
2851 1574 2901 1621 n,

463 1636 653 1710 εὑρεθὲν
682 1634 733 1692 ἐν
764 1638 1019 1706 Ἀθήναις.

533 1724 621 1778 Β’·
654 1723 1035 1800 ’Δρχαιότητες
1070 1724 1173 1779 τῶν
1200 1724 1502 1799 ἐπαρχιῶν.
1539 1724 1632 1780 Ἐν
1683 1724 1936 1798 Μεγάροις
1967 1725 2232 1798 εύρέθησαν
2261 1727 2350 1780 δύο
2397 1721 2620 1799 ἀκέφαλα
2646 1737 2899 1800 γυναικεῖα

464 1812 734 1889 ἀγάλματα
761 1818 1032 1888 ρωμαϊκῶν
1060 1816 1265 1891 χρόνων
1292 1818 1374 1870 καὶ
1402 1823 1604 1888 φυσικοῦ
1636 1818 1888 1889 μεγέθους.

538 1904 633 1958 ἐἶν
664 1902 922 1977 Καρδίτσῃ
952 1910 1037 1973 τῆς
1067 1905 1352 1967 Θεσσαλίας
1381 1899 1686 1978 ἀνεκαλύφθη
1717 1901 1933 1979 ἀρχαῖος
1961 1905 2133 1978 τάφος,
2165 1900 2301 1978 ἐφόῧ
2330 1903 2613 1979 ἐπιτύμὸιος
2649 1905 2905 1981 ἔνεπίγρα-

465 2015 555 2070 φος
581 1996 736 2058 λίθος,
770 1996 906 2069 ἔχων
933 1996 1015 2049 καὶ
1042 1991 1322 2068 ἀνάγλυφον
1353 1992 1585 2060 εἰκονίζον
1616 1997 1701 2051 τὸν
1730 1997 1941 2053 θανόντα
1968 1999 2049 2052 καὶ
2077 1997 2209 2070 παρ’
2236 1996 2372 2071 αύτῷ
2401 1999 2490 2053 δύο
2518 2000 2697 2064 ἱκέτας.

537 2085 632 2141 Ἐν
661 2089 720 2157 τῇ
749 2081 971 2159 ἐπαρχίᾳ
1001 2084 1430 2158 Μεγαλοπόλεως,
1462 2087 1948 2157 κατασκευαζομένης
1992 2087 2235 2156 δημοσίας
2264 2086 2402 2153 ὁδοῦ,
2435 2082 2665 2158 ἀνευρέθη
2698 2087 2901 2159 βάθρον,

468 2172 518 2232 ἐν
544 2173 588 2248 ᾧ
615 2171 953 2249 ἀναθηματικὴ
985 2172 1051 2238 εἰς
1102 2196 1127 2227 ιι
1150 2177 1224 2231 Μ.
1260 2176 1447 2231 Τάδιον
1480 2177 1777 2241 Σπεδιανὸν,
1811 2177 1873 2232 τά
1902 2197 1955 2232 τε
1987 2175 2120 2232 ἄλλα
2165 2179 2583 2252 πολιτευσάμενον
2630 2181 2905 2254 φιλοτίμως

464 2266 547 2322 καὶ
574 2261 1016 2338 ἀγωνοθετήσαντα
1043 2271 1144 2320 τῶν
1174 2265 1402 2321 Λικαίων
1432 2266 1513 2319 καὶ
1543 2264 1839 2337 Καισαρίων
1867 2267 2021 2322 κλπ.»
2898 2325 2903 2330 ,

537 2355 581 2409 Γ
592 2355 623 2407 ’.
658 2354 1104 2428 Ἀνασκαφαί.-
1128 2355 1196 2410 Αἰ
1225 2352 1322 2408 ὑπὸ
1348 2361 1434 2422 τῆς
1478 2354 1729 2423 Γαλλικῆς
1768 2354 2127 2427 Κυὸερνήσεως
2157 2353 2501 2429 ἐνεργούμεναι
2543 2352 2821 2430 ἀνασκαφαὶ
2859 2352 2909 2413 ἔν

469 2444 629 2516 Δήλῳ
658 2439 1061 2513 ἐπερατώθησαν.
1096 2442 1374 2496 Τελευταῑα
1403 2440 1457 2494 δὲ
1486 2444 1741 2514 εὑρήματα
1769 2440 1997 2516 ἐγένοντο
2025 2444 2087 2499 τὰ
2115 2445 2243 2513 ἑξῆς·

539 2532 584 2598 1)
623 2527 906 2603 Ἀρχαϊκόν
935 2524 1181 2601 ἀκέφαλον
1211 2525 1417 2601 ἄγαλμα
1456 2529 1808 2598 Ἀπόλλωνος,
1840 2531 2150 2605 παρεμφερὲς
2177 2543 2282 2596 τοῖς
2312 2530 2362 2587 ἐν
2397 2533 2575 2604 Τενέα,
2624 2531 2675 2591 ἐν
2706 2534 2911 2609 Ὀρχο-

469 2624 621 2691 μενῷ,
652 2616 702 2671 ἐν
732 2617 884 2688 Θήρᾳ
913 2618 993 2671 καὶ
1040 2613 1274 2690 ἀλλαχοῦ
1301 2623 1386 2685 τῆς
1446 2616 1698 2681 Ἑλλάδος
1743 2620 1996 2689 εὑρεθεῖσι.
2033 2619 2084 2688 2)
2119 2620 2328 2693 Κεφαλὴ
2371 2623 2635 2685 Διονύσου,
2665 2620 2912 2676 κάλλιστα

468 2707 846 2777 διατηρουμένη.
884 2706 933 2775 3)
964 2704 1275 2777 Τριγωνικόν
1315 2705 1517 2775 βάθρον,
1550 2706 1671 2781 ἔχον
1702 2702 1768 2769 εἰς
1808 2707 1894 2775 τὴν
1925 2709 2039 2778 μίαν
2070 2714 2170 2761 τῶν
2208 2714 2402 2781 γωνιῶν
2446 2703 2728 2782 ἀνάγλυφον
2757 2729 2911 2782 κεφα-

465 2796 558 2863 λὴν
586 2801 728 2868 κριοῦ
751 2796 834 2850 καὶ
862 2792 928 2859 εἰς
956 2795 1043 2862 τὴν
1073 2796 1245 2866 ἑτέραν
1272 2793 1488 2866 κεφαλὴν
1542 2794 1825 2863 Μεδούσης.
1861 2796 1952 2851 Ἐν
1982 2794 2118 2870 αὐτῷ
2164 2800 2375 2860 σώζεται
2405 2792 2647 2869 ἐπιγραφὴ
2688 2792 2907 2871 ἀρχαϊκὴ

468 2886 837 2961 βουστροφηδὸν
866 2888 1201 2959 γεγραμμένη,
1237 2886 1459 2954 δηλοῦσα
1487 2886 1571 2941 τὸν
1614 2889 1891 2955 ποιήσαντα
1920 2887 2110 2951 Νάξιον
2139 2889 2388 2962 τεχνίτην.
2422 2887 2473 2958 4)
2510 2888 2755 2942 Πλεῖσται
2798 2884 2908 2941 ἐπι-

468 2978 670 3052 γραφαὶ,
705 2973 754 3030 ἐν
784 2967 860 3039 αἷς
890 2977 993 3029 δύω
1020 2975 1188 3038 καλῶς
1218 2976 1599 3046 διατηρούμεναι
1629 2970 1911 3047 ἀναγραφαὶ
1941 2971 2291 3047 ἀναθημάτων.

543 3068 635 3122 Ἐν
664 3075 770 3130 ταῖς
799 3067 895 3119 ὑπὸ
923 3064 1009 3131 τὴν
1040 3060 1324 3135 ἐπιτήρησιν
1353 3070 1439 3131 τῆς
1477 3063 1814 3134 κυὸερνήσεως
1843 3063 1938 3118 ὑπὸ
1966 3060 2179 3118 ἰδιωτῶν
2218 3065 2496 3137 γινομέναις
2526 3059 2831 3136 ἀνασκαφαῐς
2859 3057 2909 3117 ἐν

469 3154 708 3227 Τανάγρᾳ
737 3150 1148 3225 ἀπεκαλύφθησαν
1178 3147 1485 3225 ὀγδοήκοντα
1514 3152 1721 3224 περίπου
1751 3152 1917 3225 τάφοι,
1951 3154 1997 3207 οἱ
2027 3152 2115 3224 μὲν
2146 3153 2226 3206 διὰ
2255 3153 2490 3226 μεγάλων
2517 3154 2751 3224 πωρίνων
2781 3153 2906 3207 πλα·

467 3249 568 3298 κῶν
596 3242 1054 3312 κατεσκευασμένοι,
1089 3241 1135 3294 οἱ
1166 3238 1217 3292 δὲ
1248 3239 1329 3293 διὰ
1368 3241 1670 3312 κεραμίδων.
1706 3241 1787 3296 Τὰ
1817 3237 1866 3294 ἐν
1896 3250 2000 3303 τοῖς
2028 3240 2199 3313 τάφοις
2228 3240 2281 3294 δὲ
2309 3242 2501 3304 τούτοις
2529 3239 2771 3314 γενόμενα
2797 3260 2910 3295 κτε-

471 3333 688 3404 ρίσματα
716 3321 810 3384 εἶνε
838 3325 985 3402 ὀλίγα
1012 3334 1257 3403 σχετικῶς
1286 3328 1409 3399 πρὸς
1437 3331 1522 3382 τὸν
1552 3323 1760 3400 ἀριθμὸν
1792 3327 1975 3395 αὐτῶν,
2010 3327 2133 3383 διότι
2161 3330 2209 3383 οἱ
2236 3330 2459 3384 πλεῖστοι
2481 3321 2608 3397 ἦσαν
2638 3329 2913 3399 σεσυλημέ·

469 3443 543 3478 νοι
570 3423 652 3476 καὶ
679 3431 932 3495 περιεῖχον
962 3418 1196 3495 ἀχρηστα
1227 3420 1379 3490 μόνον
1409 3421 1773 3491 συντρίμματα.

542 3512 635 3566 Ἐν
684 3511 919 3578 Ἀθήναις
965 3505 1191 3581 ἐγένοντο
1239 3505 1564 3580 ἀνασκαφικαὶ
1615 3506 1839 3581 ἐργασίαι
1871 3507 1919 3564 ἐν
1964 3514 2022 3582 τῇ
2054 3510 2149 3564 ὑπὸ
2195 3510 2281 3579 τὴν
2330 3510 2525 3582 βορείαν
2558 3509 2776 3581 πλευρὰν
2823 3513 2911 3578 τῆς

482 3590 840 3673 Ἀκροπόλεως
867 3595 997 3670 οἰκίᾳ
1022 3606 1121 3653 τῶν
1166 3599 1496 3671 κληρονόμων
1528 3599 1752 3670 Βαρύκα.
1791 3602 1886 3656 Ἐν
1913 3610 2022 3664 ταῖς
2069 3599 2319 3675 ἐργασίαις
2348 3601 2401 3656 δὲ
2430 3603 2628 3664 ταύταις
2665 3603 2746 3656 καὶ
2772 3598 2821 3656 ἔν
2850 3606 2909 3674 τῇ

471 3691 782 3762 κατεδαφίσει
810 3695 895 3758 τῆς
944 3686 1097 3751 οἰκίας
1128 3690 1298 3759 εὑρέθη
1330 3688 1386 3742 τό
1416 3684 1655 3761 ἀνωτέρω
1685 3689 2017 3761 μνημονευθὲν
2045 3692 2127 3744 ὑπ’
2158 3686 2240 3761 ἀρ.
2280 3692 2302 3746 1
2336 3686 2617 3764 ἀνάγλυφον
2642 3691 2724 3744 καὶ
2770 3691 2913 3760 ἔτερα

472 3782 707 3856 τεμάχια,
742 3779 1034 3853 ἐπιγραφικά
1061 3800 1113 3834 τε
1141 3782 1222 3834 καὶ
1249 3781 1510 3853 γλυπτικά,
1544 3776 1860 3855 ἀνερχόμενα
1888 3778 1937 3835 ἐν
1967 3779 2074 3854 ὅλῳ
2104 3777 2171 3844 εἰς
2201 3783 2538 3853 δεκατέσσαρα
2566 3779 2650 3835 τὸν
2680 3778 2907 3852 ἀριθμόν.

543 3877 1000 3931 ΑΡΧΑῙΟΛΟΓῙΚΟΝ
1031 3874 1274 3928 Aen-101«
1315 3878 1404 3926 τοῦ
1432 3871 1585 3944 μηνὸς
1617 3872 1981 3944 Σεπτεμὸρίου.
2035 3873 2074 3926 Α
2093 3872 2124 3928 ’.
2157 3872 2543 3947 ’Δρχαιότητες
2572 3872 2913 3946 εἰσαχθεῖσατ

473 3970 551 4026 εἰς
577 3967 676 4033 τὴν
705 3965 749 4018 Γ
746 3966 934 4032 eramb-
974 3962 1245 4037 ἐφορείαν.
1283 3965 1331 4031 1)
1367 3964 1408 4018 Γ
1409 3974 1649 4019 υναικεῖον
1679 3959 1927 4038 ἀκέφαλον
1969 3962 2175 4037 ἄγαλμα
2207 3962 2259 4017 ἐκ
2286 3965 2466 4034 παρίου
2516 3963 2805 4035 μαρμάρου,
2837 3964 2914 4021 τέ·

474 4074 598 4128 χνης
627 4048 873 4126 ἀρχαϊκῆς
902 4052 984 4105 καὶ
1013 4051 1246 4123 μεγέθους
1276 4051 1471 4122 μᾶλλον
1499 4053 1848 4124 ύπερφυσικοῦ,
1882 4049 2200 4124 ἐνδεδυμένον
2238 4053 2432 4124 ποδήρη
2463 4058 2657 4125 χιτῶνα
2683 4052 2764 4106 καὶ
2792 4050 2912 4122 ἱμὰ-

473 4161 576 4196 τιον
602 4140 970 4214 κατερχόμενον
1019 4141 1170 4213 μέχρι
1218 4146 1317 4193 τῶν
1344 4139 1592 4213 γονάτων.
1647 4139 1715 4196 Ἡ
1747 4143 1810 4194 δι’
1842 4140 1992 4196 αὑτοῦ
2039 4138 2370 4213 εἰκονιζομένη
2401 4143 2486 4196 θεὰ
2512 4143 2569 4211 (;)
2616 4143 2916 4212 παρίσταται

475 4229 759 4300 βαδίζουσα,
784 4229 866 4281 καὶ
895 4229 1052 4291 οὕτως
1082 4227 1291 4300 ἔχειτὸν
1321 4223 1580 4299 ἀριστερὸν
1611 4228 1740 4283 πόδα
1769 4229 2172 4302 προὸεὸλημένον
2199 4231 2281 4284 καὶ
2310 4226 2477 4304 ἀνέχει
2506 4230 2590 4286 τὸν
2619 4236 2814 4304 χιτῶνα
2833 4229 2914 4289 διὰ

473 4325 558 4388 τῆς
588 4318 857 4391 ὁμωνύμου
888 4315 1041 4389 ἄκρας
1087 4316 1278 4390 χειρὸς,
1311 4314 1361 4371 ἐν
1390 4313 1433 4388 ᾧ
1461 4316 1490 4371 ὁ
1519 4316 1674 4381 δεξιὸς
1721 4318 1948 4391 βραχίων
1976 4309 2069 4387 ἧτο
2096 4319 2401 4389 κεκαμμένος
2429 4318 2556 4372 κατὰ
2598 4316 2683 4372 τόν
2714 4312 2916 4389 ἀγκῶνα

472 4405 705 4478 καὶπρὸς
733 4406 795 4461 τὰ
824 4406 1099 4477 ἔμπροσθεν
1145 4406 1427 4475 τεταμένος.
1477 4403 1542 4459 ‘11
1577 4405 1743 4477 μακρὰ
1770 4406 1854 4458 καὶ
1891 4406 2065 4459 δασεῖα
2090 4404 2222 4477 κόμη
2269 4406 2561 4459 καταπίπτει
2608 4400 2673 4468 εἰς
2720 4403 2913 4459 πλοκά-

477 4513 616 4565 μους,
649 4491 721 4549 ὧν
750 4494 798 4547 οἱ
827 4491 919 4548 civ&
950 4496 1038 4548 δύο
1068 4490 1147 4547 ε’πὶ
1174 4500 1274 4547 τῶν
1305 4499 1508 4565 μαστῶν
1545 4495 1908 4567 καταλήγοντες
1951 4490 2254 4566 ἐκοσμοῦντο
2284 4492 2366 4548 διὰ
2392 4494 2600 4568 χαλκῶν
2629 4493 2854 4549 θυσάνων
2880 4494 2911 4564 ἢ

475 4582 839 4658 παραπλησίων
885 4581 1245 4659 κοσμημάτων.
1291 4579 1356 4638 Ὁ
1382 4581 1563 4658 λαιμὸς
1592 4581 1645 4636 δὲ
1693 4573 1787 4639 εἷνε
1823 4583 2192 4658 κεκοσμημένος
2239 4580 2321 4639 διὰ
2357 4584 2670 4657 περιδεραίου
2715 4582 2914 4643 καὶδύο
