3605 5557
1431 507 1779 556 maenum«
2723 494 2792 557 75

1051 647 1246 718 Αίλία
1282 646 1626 716 Μενεσθεία
1669 652 1746 723 τῆ
1783 650 1893 714 καὶ

1055 766 1450 833 Καλλικλεία
1486 764 1763 838 Φλάυιος
1806 762 2071 853 Δρέκων

1409 879 1440 947 ὁ
1481 877 1663 970 ἀνὴρ.

457 1113 605 1181 Ἐπὶ
640 1117 1043 1207 τετραγώνου
1078 1110 1253 1179 λίθου
1296 1108 1693 1204 πανταχόθεν
1735 1108 2264 1201 ε’ντετειχισμένου
2297 1110 2789 1201 χρησιμεύοντος

344 1221 470 1304 ἤδη
513 1235 596 1306 ὡς
633 1221 1013 1322 ὑδροδὸχης·

320 1462 463 1533 ’19.
625 1459 1826 1541 ΕΥΦΑΝΗΣΕΥΦΑΕΥΣ
2030 1460 2664 1554 ΕυφάνηςΕὑφάευς

881 1583 942 1649 Τ
979 1581 1038 1649 Υ
1080 1583 1141 1647 Μ
1187 1583 1239 1648 Ν
1285 1583 1299 1647 Ι
1340 1585 1402 1648 Ο
1441 1585 1499 1647 Σ
2138 1577 2437 1668 Τύμνιος.

456 1808 602 1876 Ἐπὶ
636 1814 1043 1904 τετραγώνου
1088 1813 1397 1902 τεμαχίου
1463 1808 1636 1876 λίθου
1702 1806 2257 1903 ἐντετειχισμένου.
2325 1803 2784 1903 Ἐδημοσιεύθη

343 1926 750 2018 ἐσφαλμένως
815 1926 875 1993 ἐν
912 1924 1068 1994 Rev.
1111 1924 1295 1993 arch.
1342 1923 1497 1992 ΧΙΙΙ
1540 1930 1673 1992 σελ.
1722 1922 1861 1993 364
1908 1923 2011 2019 ἀρ.
2066 1924 2181 1992 41.

346 2154 458 2225 20.
914 2165 969 2228 Π
1007 2165 1070 2228 Λ
1115 2165 1176 2229 O
1215 2160 1274 2230 Υ
1311 2163 1372 2228 Τ
1414 2164 1428 2228 Ι
1467 2164 1530 2230 Ω
1572 2164 1624 2229 Ν
2009 2158 2345 2228 Πλουτίων

913 2280 976 2343 Λ
1040 2277 1099 2347 Υ
1166 2281 1215 2344 Κ
1274 2279 1289 2343 Ι
1363 2280 1426 2344 Ο
1496 2281 1554 2343 Σ
2011 2274 2265 2352 Λύκιος.

450 2501 599 2569 Ἐπὶ
636 2516 855 2596 μικροῦ
897 2503 1130 2595 βάθρου
1171 2502 1574 2597 ἀγάλματος.

341 2728 457 2802 21.
641 2736 2019 2810 ΔΗΜΥΛΟΥΣΑΜΙΟΥ

856 2852 1026 2922 ΕΥ
1096 2856 1149 2920 Ε
1217 2856 1261 2919 Ρ
1328 2856 1382 2920 Γ
1450 2857 1503 2921 Ε
1569 2855 1758 2922 ΤΑ
1824 2858 1873 2921 Κ
1940 2858 2085 2922 ΑΙ

904 2968 1930 3038 ΤΑΣΓΥΝΑΙΚΟΣ

632 3080 2387 3160 ΑΘΑΝΟΚΛΕΙΑΣΦΑΣΗΛΙΤΥ

1108 3313 1412 3406 Δημύλου
1451 3313 1703 3406 Σαμίου

1205 3430 1504 3525 εὑεργέτα
1545 3437 1653 3498 καὶ

1204 3554 1324 3623 τᾶς
1357 3546 1653 3640 γυναικὸς

1086 3662 1531 3741 Ἀθανοκλείας
1574 3655 2051 3754 Φασηλίτ[ιδος.

450 3894 598 3963 Ἐπὶ
639 3895 878 3987 βάθρου
919 3894 1321 3990 ἀγάλματος,
1369 3895 1630 3964 ἀπαντόἰ
1666 3891 1735 3964 δ’
1768 3898 1800 3966 ὁ
1839 3896 2010 3975 λίθος
2045 3903 2321 3992 κείμενος
2358 3898 2457 3967 ἐπὶ
2485 3903 2602 3976 τῆς
2632 3889 2783 3966 ὁδοῦ

346 4006 606 4091 Ῥοδίνη
645 4014 801 4106 πρὸς
840 4015 917 4082 τὸ
960 4015 1292 4107 Μαράσιον
1328 4026 1457 4082 τῶν
1508 4013 1741 4110 Ἁγίων
1797 4014 2224 4109 Ἀναργύρων.

336 4242 455 4313 22.
1061 4250 1116 4315 Ξ
1156 4252 1209 4316 Ε
1252 4252 1303 4316 Ν
1345 4251 1406 4317 Ω
1448 4252 1500 4317 Ν
1948 4250 2158 4315 Ξένων

980 4369 1606 4436 ΕΓΓΕΝΗΣ
1940 4365 2218 4460 ἐγγενής·

444 4595 597 4663 Ἐπὶ
634 4606 856 4689 μικροῦ
898 4594 1130 4687 βάθρου
1176 4594 1578 4694 ἀγάλματος,
1631 4596 1714 4684 εἰς
1751 4597 1827 4664 τὸ
1869 4597 2198 4699 Μαράσιον
2250 4595 2394 4700 Ἀγ.
2465 4596 2781 4698 Ἀναργύ-

333 4736 485 4818 ρων,
535 4712 708 4783 οἰκία
747 4703 1176 4819 Στεφανίδου,
