3605 5557
674 429 778 489 286
1751 441 2095 489 utscssnmu

683 572 804 629 Ἐπὶ
828 581 915 642 τῆς
945 573 1063 629 ὁδοῦ
1094 573 1147 628 δὲ
1175 580 1260 643 τῆς
1289 574 1471 646 μεταξὺ
1501 575 1756 638 Χαλκίδος
1784 577 1869 630 καὶ
1897 576 2238 649 Ξηροχωρίου
2270 577 2441 648 εὑρέθη
2474 575 2572 631 ὑπὸ
2600 596 2774 650 χωρικ
2786 582 2858 631 ῶν
2887 570 3133 648 ἀκέφαλον

669 659 874 735 ἄγαλμα
900 661 1129 736 γυναικὸς
1157 668 1363 734 φυσικοῦ
1394 662 1628 735 μεγέθους
1659 664 1932 735 ρωμαΐκῶν
1963 662 2190 736 χρόνων.

740 753 1201 809 ΑΡΧΑΙΟΔΟΙἾΚΟΝ
1231 755 1475 809 Amnon
1518 757 1607 806 τοῦ
1636 752 1790 823 μηνὸς
1820 752 2057 808 Ἰουλίου.
2110 752 2202 808 Α’.
2237 751 2623 827 ’Δρχαιότητες
2670 751 3017 826 εἰσαχθεῒσαι
3052 754 3131 811 εἰς

670 844 769 910 τὴν
798 842 844 895 Γ
839 844 1030 910 ενικὴν
1059 841 1340 916 Ἐφορίαν.
1389 846 1435 913 1)
1469 845 1574 897 Δύο
1603 842 1862 914 κάτοπτρα
1890 844 2077 917 χαλκᾶ,
2102 840 2174 897 ὦν
2195 845 2256 898 τὸ
2274 845 2324 897 ἓν
2347 844 2451 917 ἔχει
2484 840 2563 897 ἐπὶ
2590 850 2677 908 τῆς
2706 844 2876 912 ἑτέρας
2907 849 3008 896 τῶν
3029 839 3129 896 ἐπι.

670 936 883 1003 φανειῶν
914 932 1065 986 αὑτοῦ
1092 930 1403 1002 ὡραιότατον
1434 926 1719 1003 ἀνάγλυφον
1750 929 1988 993 εἷκονίζον
2019 931 2109 999 τὴν
2136 930 2411 1006 Εὐρώπην
2442 929 2522 985 ἐπὶ
2549 939 2636 986 τοῦ
2670 933 2883 1005 ταύρου,
2915 931 2997 984 καὶ
3033 929 3130 983 ὑπὸ

669 1025 845 1072 τοῦτον
876 1019 1131 1093 δελφῖνα.
1164 1018 1241 1074 Τό
1270 1020 1439 1091 ἔτερον
1470 1010 1566 1074 εἷνε
1596 1020 1962 1091 τεθραυσμένον
1995 1019 2059 1084 εἷς
2079 1020 2300 1095 τεμάχια
2326 1023 2409 1075 καὶ
2436 1025 2648 1085 σώζεται
2680 1023 2888 1093 περίπου
2917 1021 3045 1073 κατὰ
3066 1022 3128 1074 τὰ

670 1109 783 1181 213,
816 1110 922 1184 ἔχει
952 1109 1005 1164 δὲ
1032 1112 1115 1165 καὶ
1143 1117 1292 1165 τοῦτο
1318 1109 1585 1167 κάλλιστον
1630 1106 1911 1186 ἀνάγλυφον
1944 1109 2179 1178 εἷκονίζον
2221 1110 2479 1190 Νηρηίδα
2507 1110 2793 1189 ὀχουμένην
2825 1115 3126 1170 θαλασσίου

669 1199 863 1254 ἵππου.
900 1197 981 1254 Τὰ
1011 1198 1269 1269 κάτοπτρα
1298 1207 1455 1254 ταῦτα
1484 1201 1609 1272 μετά
1638 1220 1786 1255 τινων
1818 1196 2030 1273 ἀγγείων
2059 1203 2455 1275 τεθραυσμένων,
2481 1206 2551 1266 ὡς
2580 1200 2660 1257 ἐπὶ
2678 1203 2738 1258 τὸ
2766 1203 3022 1266 πλεῖστον,
3044 1204 3128 1257 καὶ

670 1285 786 1360 οὖχὶ
813 1283 965 1350 ἀξίων
993 1286 1166 1359 λόγου,
1203 1289 1470 1358 εὑρέθησαν
1499 1284 1548 1343 ἔν
1574 1288 1811 1360 Ἐρετρίᾳ
1840 1291 1951 1360 περὶ
1981 1290 2039 1345 τό
2059 1292 2252 1365 χωρίον
2287 1312 2311 1343 ιι
2332 1291 2471 1346 κάτω
2505 1287 2831 1362 Μάμουλα».
2871 1290 2920 1360 2)
2969 1290 3123 1346 Ἐπι-

667 1374 841 1447 τάφιον
871 1372 1172 1448 ἀνάγλυφον,
1211 1377 1333 1450 ἔχον
1366 1383 1545 1450 σχῆμα
1586 1374 1788 1432 ναΐσκου
1819 1378 1901 1430 καὶ
1930 1374 1980 1432 ἐν
2009 1384 2083 1448 τῷ
2120 1375 2386 1450 ἐπιστολίῳ
2429 1379 2511 1432 καὶ
2539 1374 2792 1450 ἀετώματι
2827 1374 3121 1451 ἐπιγραφήν.

681 1465 750 1522 ‘H
780 1465 1087 1538 παράστασις
1118 1458 1214 1521 εἷνε
1242 1473 1342 1521 τῶν
1371 1468 1694 1539 καλουμένων
1723 1474 1959 1540 νεκρικῶν
2000 1471 2228 1524 δείπνων.
2274 1469 2353 1525 Τὸ
2380 1465 2664 1541 ἀνάγλυφον
2692 1476 2840 1524 τοῦτο
2869 1470 3123 1541 προέρχε-

667 1574 744 1610 ται
768 1550 820 1609 ἐκ
845 1554 1067 1625 Βάρνης.
1103 1556 1153 1626 3)
1186 1555 1471 1627 Τριάκοντα
1498 1557 1641 1610 πέντε
1670 1557 1976 1627 νομίσματα,
2003 1555 2056 1621 ἐξ
2082 1555 2155 1612 ὧν
2173 1557 2235 1612 τὰ
2258 1557 2346 1629 μὲν
2368 1557 2519 1612 εἴκοσι
2540 1559 2623 1611 καὶ
2640 1559 2691 1612 ἓν
2714 1549 2809 1612 εἷνε
2839 1559 3123 1632 δίδραχμα

670 1641 1052 1718 Ἀλεξάνδρου,
1086 1646 1149 1698 τὰ
1179 1644 1231 1698 δὲ
1261 1646 1375 1715 τρία
1405 1645 1687 1720 δίδραχμα
1718 1644 2024 1700 Φιλίππου.
2052 1645 2134 1701 Τὰ
2153 1649 2441 1717 νομίσματα
2465 1651 2621 1700 ταῦτα
2646 1646 2914 1717 εὑρέθησαν
2944 1641 2993 1699 ἐν
3018 1644 3122 1700 Κυ·

665 1735 921 1805 παρισσίᾳ,
958 1728 1008 1788 ἔν
1036 1737 1096 1805 τῇ
1128 1735 1588 1806 κατασκευαζομένῃ
1618 1729 1716 1787 ἐκεῖ
1743 1735 2046 1805 προκυμαίᾳ.
2080 1734 2200 1804 4-5)
2235 1732 2610 1807 Ἀρχαιότατον
2640 1733 2728 1802 τὴν
2759 1734 2941 1807 τέχνην
2971 1732 3120 1808 χαλ·

665 1827 802 1880 κοῖὶν
828 1823 1178 1898 ἀγαλμάτιον
1204 1819 1383 1895 ἀνδρὸς
1411 1827 1645 1898 φέροντος
1674 1823 1908 1898 φρυγικόν
1939 1825 2103 1892 πῖλον,
2137 1826 2344 1899 ἔχοντος
2375 1825 2489 1887 τοὺς
2517 1823 2675 1887 πόδας
2714 1822 3119 1897 συγκεκολλημέ-

664 1931 777 1975 νους
803 1913 886 1967 καὶ
913 1913 1001 1975 τὰς
1029 1921 1205 1987 χεῖρας
1237 1914 1325 1980 τὴν
1356 1911 1444 1983 μὲν
1473 1911 1596 1982 πρὸς
1627 1912 1688 1966 τὰ
1717 1909 1824 1966 ἅνω
1868 1915 2196 1984 κεκαμμένην,
2229 1912 2318 1980 τὴν
2349 1910 2401 1965 δὲ
2430 1910 2553 1983 πρὸς
2581 1910 2645 1965 τὰ
2671 1910 2828 1975 κάτω,
2862 1910 2945 1964 καὶ
2983 1929 3117 1982 μαρ-

666 2002 847 2072 μαρίνη
875 2001 1098 2075 κεφαλὴ
1127 2003 1341 2055 νεανίου
1373 2002 1631 2072 ῥωμαϊκῆς
1670 2002 1850 2073 τέχνης
1877 2000 1962 2053 καὶ
1990 2002 2222 2073 μεγέθους
2263 2001 2556 2071 μικροτέρου
2592 2005 2680 2053 τοῦ
2722 1999 2942 2068 ἡμίσεως
2970 2016 3118 2069 φυσι-

664 2099 770 2147 κοῦ.
806 2092 981 2148 Ταῦτα
1010 2093 1275 2162 εὑρέθησαν
1304 2092 1440 2163 παρὰ
1469 2092 1582 2154 τοὺς
1613 2091 1838 2165 Δελφοὺς
1868 2088 1918 2146 ἐν
1947 2097 2006 2164 τῇ
2035 2092 2497 2163 κατασκευαζομένῃ
2530 2091 2748 2161 δημοσίᾳ
2775 2088 2900 2161 ὀδῷ.

737 2182 817 2236 B'.
878 2182 1259 2257 ’Δρχαιότητες
1307 2183 1413 2238 τῶν
1460 2182 1843 2258 ἐπαρχιῶν.-
1866 2182 1957 2238 Ἐν
2007 2193 2112 2246 ταῖς
2161 2178 2399 2253 ἀνωτέρω
2453 2177 2536 2252 (ἀρ
2594 2181 2641 2252 1)
2683 2179 3117 2251 μνημονευθείσαις

664 2269 968 2345 ἀνασκαφαῖς
998 2273 1188 2345 τάφων,
1223 2273 1354 2341 πλὴν
1398 2280 1499 2327 τῶν
1527 2272 1824 2344 κατόπτρων
1853 2275 1934 2327 καὶ
1975 2271 2206 2347 ἀγγείων,
2241 2274 2411 2344 εὑρέθη
2460 2272 2584 2344 πρὸς
2625 2273 2817 2333 τούτοις
2861 2267 3116 2343 ἐπιτάφιον

663 2360 988 2437 ἐνεπίγραφον
1020 2362 1368 2437 ἀνὰγλυφον,
1395 2359 1629 2426 εἷκονίζον
1659 2364 1747 2417 δύο
1778 2364 1993 2435 μορφὰς,
2017 2359 2089 2416 ὧν
2109 2365 2139 2431 ἣ
2162 2363 2251 2433 μία
2277 2370 2449 2433 κρατεῖ
2471 2359 2536 2424 εἷς
2556 2359 2641 2424 τὰς
2672 2357 2892 2433 ἀγκάλας
2913 2359 3111 2431 βρέφος.

733 2485 803 2496 -
834 2455 929 2510 Ἐν
961 2453 1247 2527 Ἀταλάντῃ
1278 2454 1544 2524 εὑρέθησαν
1574 2455 1663 2509 δύο
1706 2454 1837 2509 λίθοι
1866 2460 2156 2525 περιφεροῦς
2197 2451 2401 2523 βάθρου,
2435 2452 2643 2526 ἔχοντος
2685 2447 2977 2522 ἐπιγραφὴν,
3020 2450 3114 2517 δη-

659 2542 849 2597 λοῦσαν
877 2543 1000 2614 πρός
1030 2551 1134 2604 τοῖς
1167 2538 1339 2604 ἄλλοις
1368 2541 1430 2595 τὰ
1458 2535 1683 2612 ὀνόματα
1712 2542 1800 2595 δύο
1831 2541 2073 2610 Θηδαίων
2104 2547 2362 2614 τεχνιτῶν.

733 2630 778 2685 Γ
788 2630 818 2685 ’.
855 2630 1297 2703 ’Δνασκαφαί.-
1316 2630 1385 2686 Αἰ
1414 2625 1464 2683 ἐν
1495 2630 1651 2701 Δήλῳ
1681 2624 1960 2700 ἀνασκαφαὶ
1986 2630 2204 2702 γίνονται
2233 2627 2475 2690 δαπάναις
2503 2636 2589 2695 τῆς
2624 2626 2872 2693 Γαλλικῆς
2906 2623 3103 2696 Κυὸερ·

661 2722 867 2789 νήσεως.
915 2718 1267 2792 Ἀποτέλεσμα
1295 2726 1395 2774 τῶν
1424 2720 1576 2794 μέχρι
1606 2721 1748 2774 τοῦδε
1788 2715 2087 2793 ἀνασκαφῶν
2117 2721 2307 2774 τούτων
2339 2709 2460 2772 εἶναι
2489 2721 2517 2788 ἡ
2550 2714 2855 2790 ἀποκάλυψις
2883 2721 2973 2770 τοῦ
3010 2716 3104 2768 δα-

660 2812 810 2866 πέδου
842 2805 1102 2884 ἀγνώστου
1143 2813 1280 2865 rao&
1310 2811 1547 2884 δωρικοῧ
1575 2810 1787 2886 ῥυθμοῦ·
1815 2812 1896 2863 καὶ
1925 2812 1953 2878 ἡ
1986 2812 2171 2879 εὕρεσις
2202 2809 2421 2882 μεγάλου
2453 2804 2822 2878 ἀναθηματικοῦ
2861 2804 3108 2878 ἀναγλύ-

657 2918 787 2973 φου,
820 2894 871 2951 ἕν
900 2894 944 2969 ᾧ
970 2907 1100 2969 τρεῖς
1147 2893 1600 2969 ἀποκεκρουσμέναι
1644 2898 1833 2970 μορφαὶ
1861 2899 2178 2972 ἐπιγραφῆς
2209 2898 2597 2971 ἀγωνιστικῆς,
2630 2893 2680 2948 ἐν
2707 2885 2738 2967 ᾖ
2768 2892 2941 2949 πολλα
2980 2888 3103 2948 ὀνό-

660 3005 794 3060 ματα
823 2987 1141 3057 δραματικῶν
1169 2991 1409 3053 ποιητῶν,
1435 2986 1853 3059 στεφανωτικῶν
1881 2985 2258 3059 ψηφισμάτων
2284 2984 2369 3037 καὶ
2389 2984 2674 3057 ταμιακῶν
2701 2980 3104 3056 καταγραφῶν,

658 3072 730 3133 ὧν
758 3078 817 3133 τὸ
855 3076 1213 3150 περιεχόμενον
1243 3068 1336 3130 εἶνε
1378 3076 1657 3149 κατάλογος
1708 3072 2060 3147 ἀναθημάτων,
2092 3075 2436 3147 λογαριασμὸς
2467 3072 2757 3138 ἐπισκευῶν,
2791 3075 3106 3144 μισθώσεων,

658 3162 878 3221 ἐνοικίων
907 3166 1016 3220 κτλ.
1055 3166 1343 3238 Εὗρέθησαν
1373 3165 1442 3219 ἔτι
1473 3167 1590 3219 δέκα
1627 3167 1835 3237 περίπου
1877 3162 2137 3237 ἀμφορεῖς,
2172 3163 2324 3237 μικρὰ
2351 3164 2668 3238 ἀγαλμάτια
2697 3164 2781 3217 καί
2810 3183 2919 3216 τινα
2946 3163 3106 3237 νομί-

660 3275 856 3330 σματα.

727 3374 798 3386 -
820 3345 913 3399 Ἐν
944 3343 1186 3415 Τανάγρᾳ
1216 3340 1358 3411 ἐδόθη
1408 3341 1548 3397 ἄδεια
1596 3344 1730 3416 παρὰ
1759 3349 1849 3398 τοῦ
1889 3342 2218 3415 ’Υπουργείου
2251 3339 2317 3406 εἷς
2365 3342 2449 3397 τόν
2480 3344 2541 3398 Δ.
2584 3343 2808 3415 Γιαγιᾶν,
2844 3340 2924 3395 ἴνα
2964 3338 3105 3412 ἐνερ-

655 3432 782 3503 γήσῃ
814 3427 1098 3504 ἀνασκαφόις
1127 3430 1250 3500 πρὸς
1281 3429 1580 3504 ἀνακάλυψιν
1611 3430 1780 3501 τάφων
1814 3429 1862 3485 ἐν
1887 3428 2175 3499 ἱδιοκτήτοις
2205 3427 2396 3504 ἀγροῖς.
2424 3432 2490 3486 Αἱ
2520 3426 2798 3502 ἀνασκαφαὶ
2828 3423 2973 3482 αὗται
2999 3429 3103 3501 ἔφε-

659 3538 746 3591 ρον
777 3522 929 3592 μέχρι
958 3522 1102 3575 τοῦδε
1132 3517 1197 3583 εἷς
1228 3527 1331 3592 φῶς
1361 3520 1485 3574 ἑπτὰ
1514 3517 1864 3593 ἐνεπιγράφους
1893 3522 2242 3594 ἑπιτυμὸίους
2273 3520 2477 3585 στήλας
2506 3520 2587 3573 καὶ
2616 3521 2835 3590 τέσσαρα
2864 3514 3105 3590 ἀξιόλογα

655 3609 840 3676 πήλινα
868 3609 1205 3684 ἀγαλμάτια.

739 3695 1002 3760 Ὡσαύτως
1030 3704 1104 3770 τῷ
1137 3699 1176 3752 1.
1217 3697 1435 3768 Πασαλῇ
1467 3694 1751 3770 ἐχορηγήθη
1801 3694 1942 3750 ἄδεια
1970 3695 2107 3767 παρὰ
2135 3702 2223 3750 τοῦ
2278 3694 2610 3768 Ὑπουργείου
2640 3695 2702 3748 νὰ
2751 3690 2988 3766 ἔνεργήσῃ
3018 3690 3103 3747 ἐν-

653 3789 810 3843 ταῦθα
854 3789 980 3842 κατὰ
1006 3789 1068 3842 τὰ
1097 3789 1341 3859 δημοτικὰ
1370 3796 1581 3860 σφαγεῐα
1628 3784 1912 3858 ἀνασκαφὰς
1943 3786 2067 3858 πρὸς
2115 3783 2417 3859 ἀνακάλυψιν
2459 3786 2647 3859 τάφων.
2688 3787 2783 3841 Ἐν
2812 3794 2919 3848 ταῖς
2948 3783 3101 3857 ἐργα-

654 3881 780 3942 σίαις
808 3868 1007 3943 ταῦταις
1035 3874 1437 3950 ἀνεκαλύφθησαν
1458 3874 1654 3950 ἀρκετοὶ
1684 3878 1849 3951 τάφοι,
1874 3874 1988 3931 ἀλλ’
2012 3879 2267 3949 εὑρήματα
2295 3873 2521 3949 ἐγένοντο
2550 3877 2678 3931 πολὺ
2709 3870 2856 3948 ὀλίγα
2873 3877 2957 3929 καὶ
2984 3871 3102 3928 ἀνά·

654 3966 733 4031 ξια
759 3966 934 4038 λόγου.

722 4086 794 4097 -
834 4054 976 4111 Ὑπὰ
996 4063 1083 4126 τῆς
1119 4057 1319 4125 Γενικῆς
1352 4057 1621 4128 Ἐφορείας
1667 4053 1910 4128 ἐνηργήθη
1944 4052 2198 4127 ἀνασκαφὴ
2229 4052 2365 4126 παρὰ
2411 4053 2495 4108 τόν
2526 4054 2720 4126 βράχον
2758 4058 2846 4107 τοῦ
2895 4053 3097 4124 Ἀρείου

654 4142 835 4216 Πάγου
891 4142 1014 4214 πρὸς
1069 4139 1370 4216 ἀνακάλυψιν
1425 4150 1513 4198 τοῦ
1553 4145 1768 4197 δαπέδου
1826 4150 1912 4198 τοῦ
1970 4141 2068 4198 ἐκεῖ
2120 4144 2547 4214 κατερειπωμένου
2602 4148 2723 4196 ναοῦ
2767 4148 2854 4195 τοῦ
2914 4145 3099 4196 Διονυ-

650 4235 757 4286 σίου
803 4238 891 4285 τοῦ
921 4233 1327 4303 Ἀρειοπαγίτου.
1374 4229 1464 4286 Ἑν
1494 4234 1551 4301 τῇ
1595 4226 1802 4302 ἐργασίᾳ
1830 4233 1981 4303 ταύτῃ
2030 4228 2336 4302 ἀνεκαλὺφθη
2385 4227 2663 4300 ὁλόκληρον
2693 4227 2751 4282 τὸ
2791 4228 2971 4300 ἔδαφος
3011 4232 3099 4281 τοῦ

649 4327 772 4377 ναοῦ
800 4323 882 4375 καὶ
926 4322 1191 4392 εὖρέθησαν
1237 4320 1480 4396 τεμάχιον
1528 4323 1828 4388 ἑλληνικοῢ
1875 4320 2223 4395 ἀναγλύφου,
2258 4316 2307 4373 ἐν
2351 4315 2394 4391 ᾧ
2424 4319 2451 4372 ὁ
2480 4317 2629 4391 ἄκρος
2658 4319 2780 4383 ποὺς
2811 4316 2992 4390 ἀνδρὸς
3018 4315 3101 4372 καὶ

648 4409 836 4482 κορμός
867 4410 1051 4478 στήλης
1084 4412 1168 4480 (;),
1201 4407 1522 4482 βυζαντινὸν
1549 4409 1925 4482 κιονόκρανον,
1955 4411 2053 4465 καὶ
2074 4410 2192 4483 τρία
2221 4409 2417 4463 ἰωνικὰ
2446 4408 2798 4483 κιονόκρανα,
2834 4405 2907 4462 ὧν
2928 4407 2990 4462 τὰ
3010 4408 3101 4461 δύο

646 4501 984 4572 προέρχονται
1012 4494 1063 4561 ἔξ
1091 4494 1491 4569 οἰκοδομήματος
1519 4503 1621 4552 τῶν
1647 4497 1819 4551 καλῶν
1862 4497 2175 4565 Ἑλληνικῶν
2205 4495 2424 4571 χρόνων.
2466 4495 2913 4568 Ἀπεκαλύφθησαν
2944 4494 2998 4550 δὲ
3017 4485 3103 4550 καὶ

644 4591 829 4648 πολλοὶ
849 4592 1226 4669 χριστιανικοὶ
1253 4594 1418 4668 τάφοι
1445 4589 1648 4664 πλήρεις
1678 4584 1862 4659 ὀστῶν,
1898 4585 1947 4644 ἐν
1978 4580 2051 4655 οἷς
2080 4586 2222 4645 οὐδὲν
2253 4587 2421 4662 ἕτερον
2452 4587 2623 4662 εὑρέθη
2652 4588 2683 4659 ἢ
2714 4587 2934 4665 τεμάχια
2959 4587 3098 4643 ὑαλί-
